@MISC{Picolo_Whitepaper,
  author =       {Adi Kancherla},
  title =        {Picolo: peer to peer and peer to {AI} betting for crypto tokens and currencies},
  howpublished = "\url{https://picolo.xyz/Whitepaper.pdf}"
}

@MISC{Plasma,
  author =       {Joseph Poon and Vitalik Buterin},
  title =        {Plasma: Scalable Autonomous Smart Contracts},
  howpublished = "\url{https://plasma.io/plasma.pdf}"
}

@MISC{Filecoin,
  author =       {Protocol Labs},
  title =        {Filecoin: {A Decentralized Storage Network}},
  howpublished = "\url{https://filecoin.io/filecoin.pdf}"
}

@MISC{Mechanism_design,
  author =       {Wiki},
  title =        {Mechanism design theory},
  howpublished = "\url{https://en.wikipedia.org/wiki/Mechanism_design}"
}

@MISC{Reinforcement_learning,
  author =       {Wiki},
  title =        {Reinforcement learning},
  howpublished = "\url{https://en.wikipedia.org/wiki/Reinforcement_learning}"
}

@MISC{Artificial_neural_network,
  author =       {Wiki},
  title =        {Artificial neural network},
  howpublished = "\url{https://en.wikipedia.org/wiki/Artificial_neural_network}"
}

@ARTICLE{Homer_2007,
  AUTHOR =       "Homer Simpson and Mickey Mouse",
  TITLE =        "On the theory of everything",
  JOURNAL =      "Journal of the most useful theories",
  YEAR =         "2007",
  volume =       "5",
  number =       "2",
  pages =        "123-456"
}

@MISC{LoremIpsum_wiki,
  author =       {The wikipedia community},
  title =        {Lorem ipsum},
  howpublished = "\url{http://en.wikipedia.org/wiki/Lorem_ipsum}"
}

@MISC{Bibliography_howto,
  author =       {Tutorial team for the Indian TEX Users Group},
  title =        {Online tutorials on LaTeX},
  howpublished = "\url{http://www.tug.org.in/tutorials.html}"
}

@BOOK{Book:Candy_1992,
  title = {Oversampling Delta-Sigma Data Converters: Theory, Design, and Simulation},
  publisher = {IEEE Press},
  year = {1992},
  author = {James C. Candy and Gabor C. Temes},
  isbn = {0-8794-2285-8},
}

@BOOK{Book:Crawford_1994,
  title = {Frequency Synthesizer Design Handbook},
  publisher = {Artech House},
  year = {1994},
  author = {James A. Crawford},
  address = {Norwood, MA},
  isbn = {0-89006-440-7},
}

@BOOK{Book:Golomb_82,
  title = {Shift register sequences},
  publisher = {Aegean Park Press},
  year = {1982},
  author = {Solomon W. Golomb},
  address = {Laguna Hills, California},
  isbn = {0-89412-048-4},
}
